%YAML 1.1
%TAG !u! tag:unity3d.com,2011:
--- !u!1 &6609670587584265466
GameObject:
  m_ObjectHideFlags: 0
  m_CorrespondingSourceObject: {fileID: 0}
  m_PrefabInstance: {fileID: 0}
  m_PrefabAsset: {fileID: 0}
  serializedVersion: 6
  m_Component:
  - component: {fileID: 4080340654905841457}
  - component: {fileID: 842034983790724792}
  - component: {fileID: 8905673943837907416}
  - component: {fileID: 8368794924341595934}
  - component: {fileID: 1609359408133401361}
  - component: {fileID: 3892491941515497709}
  - component: {fileID: 1390408678351088072}
  - component: {fileID: 1508551099270530099}
  m_Layer: 0
  m_Name: bomb_1Yad
  m_TagString: Untagged
  m_Icon: {fileID: 0}
  m_NavMeshLayer: 0
  m_StaticEditorFlags: 0
  m_IsActive: 1
--- !u!4 &4080340654905841457
Transform:
  m_ObjectHideFlags: 0
  m_CorrespondingSourceObject: {fileID: 0}
  m_PrefabInstance: {fileID: 0}
  m_PrefabAsset: {fileID: 0}
  m_GameObject: {fileID: 6609670587584265466}
  m_LocalRotation: {x: 0, y: 0, z: 0, w: 1}
  m_LocalPosition: {x: -3.1867027, y: -0.9410625, z: 0}
  m_LocalScale: {x: 0.216497, y: 0.216497, z: 0.216497}
  m_Children: []
  m_Father: {fileID: 0}
  m_RootOrder: 0
  m_LocalEulerAnglesHint: {x: 0, y: 0, z: 0}
--- !u!212 &842034983790724792
SpriteRenderer:
  m_ObjectHideFlags: 0
  m_CorrespondingSourceObject: {fileID: 0}
  m_PrefabInstance: {fileID: 0}
  m_PrefabAsset: {fileID: 0}
  m_GameObject: {fileID: 6609670587584265466}
  m_Enabled: 1
  m_CastShadows: 0
  m_ReceiveShadows: 0
  m_DynamicOccludee: 1
  m_MotionVectors: 1
  m_LightProbeUsage: 1
  m_ReflectionProbeUsage: 1
  m_RenderingLayerMask: 4294967295
  m_RendererPriority: 0
  m_Materials:
  - {fileID: 10754, guid: 0000000000000000f000000000000000, type: 0}
  m_StaticBatchInfo:
    firstSubMesh: 0
    subMeshCount: 0
  m_StaticBatchRoot: {fileID: 0}
  m_ProbeAnchor: {fileID: 0}
  m_LightProbeVolumeOverride: {fileID: 0}
  m_ScaleInLightmap: 1
  m_PreserveUVs: 0
  m_IgnoreNormalsForChartDetection: 0
  m_ImportantGI: 0
  m_StitchLightmapSeams: 0
  m_SelectedEditorRenderState: 0
  m_MinimumChartSize: 4
  m_AutoUVMaxDistance: 0.5
  m_AutoUVMaxAngle: 89
  m_LightmapParameters: {fileID: 0}
  m_SortingLayerID: 0
  m_SortingLayer: 0
  m_SortingOrder: 1
  m_Sprite: {fileID: 21300000, guid: bcb6c3843558946479752b6b953c5bb5, type: 3}
  m_Color: {r: 1, g: 1, b: 1, a: 1}
  m_FlipX: 0
  m_FlipY: 0
  m_DrawMode: 0
  m_Size: {x: 2.3600001, y: 2.35}
  m_AdaptiveModeThreshold: 0.5
  m_SpriteTileMode: 0
  m_WasSpriteAssigned: 1
  m_MaskInteraction: 0
  m_SpriteSortPoint: 0
--- !u!60 &8905673943837907416
PolygonCollider2D:
  m_ObjectHideFlags: 0
  m_CorrespondingSourceObject: {fileID: 0}
  m_PrefabInstance: {fileID: 0}
  m_PrefabAsset: {fileID: 0}
  m_GameObject: {fileID: 6609670587584265466}
  m_Enabled: 1
  m_Density: 1
  m_Material: {fileID: 0}
  m_IsTrigger: 0
  m_UsedByEffector: 0
  m_UsedByComposite: 0
  m_Offset: {x: 0, y: 0}
  m_SpriteTilingProperty:
    border: {x: 0, y: 0, z: 0, w: 0}
    pivot: {x: 0.5, y: 0.5}
    oldSize: {x: 2.3600001, y: 2.35}
    newSize: {x: 2.3600001, y: 2.35}
    adaptiveTilingThreshold: 0.5
    drawMode: 0
    adaptiveTiling: 0
  m_AutoTiling: 0
  m_Points:
    m_Paths:
    - - {x: 0.44161016, y: -0.2816788}
      - {x: 0.3692885, y: -0.059395954}
      - {x: 0.67345756, y: 0.6057289}
      - {x: 0.80811906, y: 0.70664775}
      - {x: 0.87187076, y: 0.80756736}
      - {x: 0.82116896, y: 0.89449304}
      - {x: 0.7476161, y: 0.9327438}
      - {x: 0.6295967, y: 0.8402244}
      - {x: 0.45171088, y: 0.6640462}
      - {x: 0.21815877, y: 0.63014627}
      - {x: -0.19624598, y: 0.46408156}
      - {x: -0.6272709, y: 0.41960624}
      - {x: -0.9028271, y: 0.26282045}
      - {x: -1.0886265, y: 0.06927422}
      - {x: -1.1599814, y: -0.13421197}
      - {x: -1.1906292, y: -0.3815149}
      - {x: -1.1180807, y: -0.7034979}
      - {x: -0.9393227, y: -0.93060875}
      - {x: -0.64924973, y: -1.1390666}
      - {x: -0.3699889, y: -1.1839609}
      - {x: -0.09850733, y: -1.1450558}
      - {x: 0.08161627, y: -1.0400207}
      - {x: 0.3445785, y: -0.79792464}
      - {x: 0.435855, y: -0.539491}
--- !u!50 &8368794924341595934
Rigidbody2D:
  serializedVersion: 4
  m_ObjectHideFlags: 0
  m_CorrespondingSourceObject: {fileID: 0}
  m_PrefabInstance: {fileID: 0}
  m_PrefabAsset: {fileID: 0}
  m_GameObject: {fileID: 6609670587584265466}
  m_BodyType: 0
  m_Simulated: 1
  m_UseFullKinematicContacts: 0
  m_UseAutoMass: 0
  m_Mass: 1
  m_LinearDrag: 0
  m_AngularDrag: 0.05
  m_GravityScale: 1
  m_Material: {fileID: 0}
  m_Interpolate: 0
  m_SleepingMode: 1
  m_CollisionDetection: 0
  m_Constraints: 0
--- !u!114 &1609359408133401361
MonoBehaviour:
  m_ObjectHideFlags: 0
  m_CorrespondingSourceObject: {fileID: 0}
  m_PrefabInstance: {fileID: 0}
  m_PrefabAsset: {fileID: 0}
  m_GameObject: {fileID: 6609670587584265466}
  m_Enabled: 1
  m_EditorHideFlags: 0
  m_Script: {fileID: 11500000, guid: c8fd8ef5994161247b9527638b8062f5, type: 3}
  m_Name: 
  m_EditorClassIdentifier: 
  Delay: 2
  Radius: 4
  PhysicForce: 150
  ExploEffect: {fileID: 4534226447756408588, guid: fd7d5f06f73a4894fa5f1f9179e4591e,
    type: 3}
  TimeToCollectEffect: 30
  Activate: 0
  ExploEvent:
    m_PersistentCalls:
      m_Calls:
      - m_Target: {fileID: 1508551099270530099}
        m_MethodName: PlaySound
        m_Mode: 2
        m_Arguments:
          m_ObjectArgument: {fileID: 8300000, guid: 116c03e2e1564814a93934b02211e136,
            type: 3}
          m_ObjectArgumentAssemblyTypeName: UnityEngine.AudioClip, UnityEngine
          m_IntArgument: 0
          m_FloatArgument: 0
          m_StringArgument: 
          m_BoolArgument: 0
        m_CallState: 2
    m_TypeName: UnityEngine.Events.UnityEvent, UnityEngine.CoreModule, Version=0.0.0.0,
      Culture=neutral, PublicKeyToken=null
--- !u!114 &3892491941515497709
MonoBehaviour:
  m_ObjectHideFlags: 0
  m_CorrespondingSourceObject: {fileID: 0}
  m_PrefabInstance: {fileID: 0}
  m_PrefabAsset: {fileID: 0}
  m_GameObject: {fileID: 6609670587584265466}
  m_Enabled: 1
  m_EditorHideFlags: 0
  m_Script: {fileID: 11500000, guid: adbf83774f4123544872aa1ed13cf86d, type: 3}
  m_Name: 
  m_EditorClassIdentifier: 
  Name: "\u0411\u043E\u043C\u0431\u043E\u0447\u043A\u0430 \u0434\u044B\u043C"
  Type: 2
  SpriteIcon: {fileID: 21300000, guid: bcb6c3843558946479752b6b953c5bb5, type: 3}
  soundUse: {fileID: 8300000, guid: 36a2c720c6629b847b1258bd83487bf5, type: 3}
  Description: "\u041C\u0435\u0442\u0435\u0442\u0435\u043B\u044C\u043D\u0430\u044F
    \u0431\u043E\u043C\u0431\u0430, \u043D\u0430\u043D\u043E\u0441\u0438\u0442 20
    \u0434\u0430\u043C\u0430\u0433\u0430 \u0432 \u0440\u0430\u0434\u0438\u0443\u0441\u0435
    4\n"
  Damage: 20
  ThrowForceMultiply: 2.5
  TrowableType: 1
  IsUse: 0
--- !u!82 &1390408678351088072
AudioSource:
  m_ObjectHideFlags: 0
  m_CorrespondingSourceObject: {fileID: 0}
  m_PrefabInstance: {fileID: 0}
  m_PrefabAsset: {fileID: 0}
  m_GameObject: {fileID: 6609670587584265466}
  m_Enabled: 1
  serializedVersion: 4
  OutputAudioMixerGroup: {fileID: 0}
  m_audioClip: {fileID: 0}
  m_PlayOnAwake: 1
  m_Volume: 1
  m_Pitch: 1
  Loop: 0
  Mute: 0
  Spatialize: 0
  SpatializePostEffects: 0
  Priority: 128
  DopplerLevel: 1
  MinDistance: 1
  MaxDistance: 500
  Pan2D: 0
  rolloffMode: 0
  BypassEffects: 0
  BypassListenerEffects: 0
  BypassReverbZones: 0
  rolloffCustomCurve:
    serializedVersion: 2
    m_Curve:
    - serializedVersion: 3
      time: 0
      value: 1
      inSlope: 0
      outSlope: 0
      tangentMode: 0
      weightedMode: 0
      inWeight: 0.33333334
      outWeight: 0.33333334
    - serializedVersion: 3
      time: 1
      value: 0
      inSlope: 0
      outSlope: 0
      tangentMode: 0
      weightedMode: 0
      inWeight: 0.33333334
      outWeight: 0.33333334
    m_PreInfinity: 2
    m_PostInfinity: 2
    m_RotationOrder: 4
  panLevelCustomCurve:
    serializedVersion: 2
    m_Curve:
    - serializedVersion: 3
      time: 0
      value: 0
      inSlope: 0
      outSlope: 0
      tangentMode: 0
      weightedMode: 0
      inWeight: 0.33333334
      outWeight: 0.33333334
    m_PreInfinity: 2
    m_PostInfinity: 2
    m_RotationOrder: 4
  spreadCustomCurve:
    serializedVersion: 2
    m_Curve:
    - serializedVersion: 3
      time: 0
      value: 0
      inSlope: 0
      outSlope: 0
      tangentMode: 0
      weightedMode: 0
      inWeight: 0.33333334
      outWeight: 0.33333334
    m_PreInfinity: 2
    m_PostInfinity: 2
    m_RotationOrder: 4
  reverbZoneMixCustomCurve:
    serializedVersion: 2
    m_Curve:
    - serializedVersion: 3
      time: 0
      value: 1
      inSlope: 0
      outSlope: 0
      tangentMode: 0
      weightedMode: 0
      inWeight: 0.33333334
      outWeight: 0.33333334
    m_PreInfinity: 2
    m_PostInfinity: 2
    m_RotationOrder: 4
--- !u!114 &1508551099270530099
MonoBehaviour:
  m_ObjectHideFlags: 0
  m_CorrespondingSourceObject: {fileID: 0}
  m_PrefabInstance: {fileID: 0}
  m_PrefabAsset: {fileID: 0}
  m_GameObject: {fileID: 6609670587584265466}
  m_Enabled: 1
  m_EditorHideFlags: 0
  m_Script: {fileID: 11500000, guid: 0c2d0955cba99354aa56b7e1ea1fdac9, type: 3}
  m_Name: 
  m_EditorClassIdentifier: 
  Sounds: []
  Source: {fileID: 0}
  atPoint: 1
